<?xml version="1.0" encoding="UTF-8"?>
  <record xmlns="http://www.loc.gov/MARC21/slim" type="Authority">
    <leader>00000nz  a2200000oc 4500</leader>
    <controlfield tag="001">1218498811</controlfield>
    <controlfield tag="003">DE-101</controlfield>
    <controlfield tag="005">20200928161359.0</controlfield>
    <controlfield tag="008">200928n||aznnnaabn           | aaa    |c</controlfield>
    <datafield tag="024" ind1="7" ind2=" ">
      <subfield code="a">1218498811</subfield>
      <subfield code="0">http://d-nb.info/gnd/1218498811</subfield>
      <subfield code="2">gnd</subfield>
    </datafield>
    <datafield tag="035" ind1=" " ind2=" ">
      <subfield code="a">(DE-101)1218498811</subfield>
    </datafield>
    <datafield tag="035" ind1=" " ind2=" ">
      <subfield code="a">(DE-588)1218498811</subfield>
    </datafield>
    <datafield tag="040" ind1=" " ind2=" ">
      <subfield code="a">DE-17</subfield>
      <subfield code="c">DE-17</subfield>
      <subfield code="9">r:DE-17</subfield>
      <subfield code="b">ger</subfield>
      <subfield code="d">0017</subfield>
      <subfield code="e">rda</subfield>
    </datafield>
    <datafield tag="042" ind1=" " ind2=" ">
      <subfield code="a">gnd3</subfield>
    </datafield>
    <datafield tag="043" ind1=" " ind2=" ">
      <subfield code="c">XA-DE</subfield>
    </datafield>
    <datafield tag="075" ind1=" " ind2=" ">
      <subfield code="b">p</subfield>
      <subfield code="2">gndgen</subfield>
    </datafield>
    <datafield tag="075" ind1=" " ind2=" ">
      <subfield code="b">piz</subfield>
      <subfield code="2">gndspec</subfield>
    </datafield>
    <datafield tag="079" ind1=" " ind2=" ">
      <subfield code="a">g</subfield>
      <subfield code="q">f</subfield>
    </datafield>
    <datafield tag="100" ind1="1" ind2=" ">
      <subfield code="a">Rohr, Elisabeth</subfield>
      <subfield code="d">1635-1669</subfield>
      <subfield code="9">v:Ehename</subfield>
    </datafield>
    <datafield tag="400" ind1="1" ind2=" ">
      <subfield code="a">Stapp, Elisabeth</subfield>
      <subfield code="d">1635-1669</subfield>
      <subfield code="9">v:Geburtsname</subfield>
    </datafield>
    <datafield tag="500" ind1="1" ind2=" ">
      <subfield code="0">(DE-101)1104271869</subfield>
      <subfield code="0">(DE-588)1104271869</subfield>
      <subfield code="0">https://d-nb.info/gnd/1104271869</subfield>
      <subfield code="a">Rohr, Johann Wolfgang</subfield>
      <subfield code="d">1630-1692</subfield>
      <subfield code="4">bezf</subfield>
      <subfield code="4">https://d-nb.info/standards/elementset/gnd#familialRelationship</subfield>
      <subfield code="w">r</subfield>
      <subfield code="i">Beziehung familiaer</subfield>
      <subfield code="e">Beziehung familiaer</subfield>
      <subfield code="9">v:Ehemann</subfield>
    </datafield>
    <datafield tag="548" ind1=" " ind2=" ">
      <subfield code="a">29.10.1635-16.10.1669</subfield>
      <subfield code="4">datx</subfield>
      <subfield code="4">https://d-nb.info/standards/elementset/gnd#dateOfBirthAndDeath</subfield>
      <subfield code="w">r</subfield>
      <subfield code="i">Exakte Lebensdaten</subfield>
    </datafield>
    <datafield tag="548" ind1=" " ind2=" ">
      <subfield code="a">1635-1669</subfield>
      <subfield code="4">datl</subfield>
      <subfield code="4">https://d-nb.info/standards/elementset/gnd#dateOfBirthAndDeath</subfield>
      <subfield code="w">r</subfield>
      <subfield code="i">Lebensdaten</subfield>
    </datafield>
    <datafield tag="551" ind1=" " ind2=" ">
      <subfield code="0">(DE-101)04011077X</subfield>
      <subfield code="0">(DE-588)4011077-1</subfield>
      <subfield code="0">https://d-nb.info/gnd/4011077-1</subfield>
      <subfield code="a">Darmstadt</subfield>
      <subfield code="4">ortg</subfield>
      <subfield code="4">https://d-nb.info/standards/elementset/gnd#placeOfBirth</subfield>
      <subfield code="w">r</subfield>
      <subfield code="i">Geburtsort</subfield>
    </datafield>
    <datafield tag="670" ind1=" " ind2=" ">
      <subfield code="a">Hessische Biographie</subfield>
    </datafield>
    <datafield tag="672" ind1=" " ind2="0">
      <subfield code="a">Christliche Leich-Trauer- und Trost-Predigt/ Auß dem I. Buch Mosis Cap. 35. Vers. 166. seqq. Bey Ansehlicher/ Volckreicher und wehmütiger Leichbestattung/ Der Ansehnlicher/ volckreicher und wehmütiger Leichbestattung/ Der Viel Ehrn und Tugendsamen Frawen/ Fr. Elisabethæ Rohrin Deß Wohl-Ehrn Vesten und Vorachtbarn Herrn Johann Wolff Rohren Fürstl. Hessen-Darmbst. Hauß Küchen-Schreibers nunmehr betrübten Wittebers/ Weiland Hertz-Vielgeliebten Haußfrawen/ Welche nach Gottes unerforschlichen und Heyligem Willen... Sambstags den 16. Octobris dieses 1669sten Jahres... in das Reich der ewigen Glori und Seeligkeit versetzet/ Deren verblichener Leichnamb aber/ den folgenten 19. Tag obgedachten Monats... zur Erden bestattet worden. Gehalten in der Statt-Kirchen zu Darmbstatt durch Johan. Georgium Mettenium, Jüngern Statt-Predigern daselbsten.</subfield>
    </datafield>
    <datafield tag="678" ind1=" " ind2=" ">
      <subfield code="b">Tochter des Johannes Stapp, Hofkoch, dann Holzvogt zu Darmstadt, und der Catharina Württemberger, Tochter des Hans Württemberger, Burggraf zu Rüsselsheim, dann Holzvogt zu Darmstadt. Heiratet Johann Wolgang Rohr den 10.02.1657. Sirbt 1669, 35 Jahre alt. Das Paar hat 6 Kinder.</subfield>
    </datafield>
  </record>
